@book{puterman2014markov,
    title        = {Markov Decision Processes: {D}iscrete Stochastic Dynamic Programming},
    author       = {Puterman, Martin L},
    year         = {2014},
    publisher    = {John Wiley \& Sons}
}

@inproceedings{toussaint2006probabilistic,
    title        = {Probabilistic inference for solving discrete and continuous state {M}arkov Decision Processes},
    author       = {Toussaint, Marc and Storkey, Amos},
    year         = {2006},
    booktitle    = {International Conference on Machine Learning},
    pages        = {945--952}
}

@phdthesis{rawlik2013probabilistic,
    title        = {On Probabilistic Inference Approaches to Stochastic Optimal Control},
    author       = {Konrad C. Rawlik},
    year         = {2013},
    school       = {University of Edinburgh}
}

@article{robbins1951stochastic,
    title        = {A Stochastic Approximation Method},
    author       = {Herbert Robbins and Sutton Monro},
    year         = {1951},
    journal      = {The Annals of Mathematical Statistics},
    pages        = {400--407},
    volume       = {22},
    number       = {3}
}

@article{lindley1956measure,
  title = {On a Measure of the Information Provided by an Experiment},
  author = {D. V. Lindley},
  journal = {The Annals of Mathematical Statistics},
  volume = {27},
  number = {4},
  pages = {986--1005},
  year = {1956}
}

@article{chopin2002sequential,
	title = {A sequential particle filter method for static models},
	volume = {89},
	language = {en},
	number = {3},
	journal = {Biometrika},
	author = {Chopin, Nicolas},
	year = {2002},
	pages = {539--552},
}

@book{sarkka2019applied,
    author = {Simo S{\"a}rkk{\"a} and Arno Solin},
    title = {Applied Stochastic Differential Equations},
    publisher = {Cambridge University Press},
    year = {2019}
}

@inproceedings{belusov2019belief,
  title = {Belief space model predictive control for approximately optimal system identification},
  author = {Belousov, Boris and Abdulsamad, Hany and Schultheis, Matthias and Peters, Jan},
  booktitle = {4th Multidisciplinary Conference on Reinforcement Learning and Decision Making (RLDM)},
  year = {2019}
}

@article{andrieu2010particle,
    title        = {Particle {Markov chain Monte Carlo} methods},
    author       = {Andrieu, Christophe and Doucet, Arnaud and Holenstein, Roman},
    year         = {2010},
    journal      = {Journal of the Royal Statistical Society: {Series B}},
    pages        = {269--342},
    volume       = {72},
    number       = {3}
}

@article{gu1998stochastic,
    title        = {A Stochastic Approximation Algorithm with {Markov chain Monte-Carlo} Method for Incomplete Data Estimation Problems},
    author       = {Ming Gao Gu and Fan Hui Kong},
    year         = {1998},
    journal      = {Proceedings of the National Academy of Sciences},
    publisher    = {National Academy of Sciences},
    pages        = {7270--7274},
    volume       = {95},
    number       = {13}
}

@inproceedings{naesseth2020markovian,
    title        = {{M}arkovian Score Climbing: {V}ariational Inference with {KL(P$||$Q)}},
    author       = {Naesseth, Christian A. and Lindsten, Fredrik and Blei, David},
    year         = {2020},
    booktitle    = {International Conference on Neural Information Processing Systems}
}
